@inproceedings{Leisch02,
  author = {Friedrich Leisch},
  title = {Sweave: Dynamic Generation of Statistical Reports Using
		  Literate Data Analysis},
  booktitle = {Compstat 2002 --- Proceedings in Computational
		  Statistics},
  pages = {575--580},
  year = 2002,
  editor = {Wolfgang H{\"a}rdle and Bernd R{\"o}nz},
  publisher = {Physica Verlag, Heidelberg},
  note = {ISBN 3-7908-1517-9}
}


@Manual{Leisch08,
    title = {Sweave User Manual},
    author = {Friedrich Leisch},
    organization = {R Foundation for Statistical Computing},
    address = {Vienna, Austria},
    year = {2005},
    note = {{ISBN} 3-900051-07-0},
    url = {http://www.R-project.org},
  }

@Misc{Schenk10,
  title = {About {MikTeX}},
  author = {Christian Schenk},
  note = {Web page \url{https://miktex.org/about}, retrieved August 13, 2010},
  url = {https://miktex.org/about},
  year = 2010
}

@article{Kew10,
  title = {{\TeX{}works}: Lowering the Barrier to Entry},
  author = {Jonathan Kew},
  year = 2008,
  volume = 29,
  pages = {362--364},
  journal = {TUGBoat},
  url = {http://tug.org/texworks/}
}

@article{Laurens08,
  title = {Direct and Reverse Synchronization with {SyncTEX}},
  author = {Jer\^ome Laurens},
  year = 2008,
  volume = 29,
  pages = {365--371},
  journal = {TUGBoat}
}

@Book{Xie2013,
    title = {Dynamic Documents with {R} and knitr},
    author = {Yihui Xie},
    publisher = {Chapman and Hall/CRC},
    year = {2013},
    note = {ISBN 978-1482203530},
    url = {http://yihui.org/knitr/}
  }

@Manual{Allaire2022,
    title = {rmarkdown: Dynamic Documents for R},
    author = {JJ Allaire and Yihui Xie and Jonathan McPherson and Javier Luraschi and Kevin Ushey and Aron Atkins and Hadley Wickham and Joe Cheng and Winston Chang and Richard Iannone},
    year = {2022},
    note = {R package version 2.18},
    url = {https://github.com/rstudio/rmarkdown},
  }

@Book{Xie2022,
    title = {R Markdown: The Definitive Guide},
    author = {Yihui Xie and J.J. Allaire and Garrett Grolemund},
    publisher = {Chapman and Hall/CRC},
    address = {Boca Raton, Florida},
    year = {2018},
    note = {ISBN 9781138359338},
    url = {https://bookdown.org/yihui/rmarkdown},
  }
